<?xml version="1.0" encoding="UTF-8"?><collection xmlns="http://www.loc.gov/MARC21/slim"><record><leader>00346nam--2200133-i-4500</leader><controlfield tag="001">000038082</controlfield><controlfield tag="002">20161230</controlfield><controlfield tag="005">20161230201041</controlfield><controlfield tag="008">060222s1000------------r-----000-0-eng-d</controlfield><datafield ind1=" " ind2=" " tag="080"><subfield code="a">621.039.56</subfield></datafield><datafield ind1=" " ind2=" " tag="245"><subfield code="a">Reactor kinetics and control</subfield></datafield><datafield ind1=" " ind2=" " tag="260"><subfield code="a">Washington, U.S.Atomic Energy Commis.,1964. 588 P</subfield></datafield><datafield ind1=" " ind2=" " tag="490"><subfield code="a">Aec Symposium Series</subfield></datafield><datafield ind1=" " ind2=" " tag="852"><subfield code="a">20119</subfield></datafield></record></collection>